<record><leader>00000cas a22000007a 4500</leader><controlfield tag="001">14064895</controlfield><controlfield tag="008">860808c19269999txuwr ne      0    0eng d</controlfield><datafield ind1=" " ind2=" " tag="010"><subfield code="a">sn 86088392 </subfield></datafield><datafield ind1=" " ind2=" " tag="040"><subfield code="a">PPM</subfield><subfield code="b">eng</subfield><subfield code="c">PPM</subfield><subfield code="d">OCLCQ</subfield></datafield><datafield ind1=" " ind2=" " tag="042"><subfield code="a">msc</subfield></datafield><datafield ind1="0" ind2=" " tag="130"><subfield code="a">Canyon news (Canyon, Tex. : 1926)</subfield></datafield><datafield ind1="1" ind2="4" tag="245"><subfield code="a">The Canyon news.</subfield></datafield><datafield ind1=" " ind2=" " tag="260"><subfield code="a">Canyon, Tex. :</subfield><subfield code="b">Clyde W. Warwick,</subfield><subfield code="c">1926-</subfield></datafield><datafield ind1=" " ind2=" " tag="300"><subfield code="a">v. :</subfield><subfield code="b">ill. ;</subfield><subfield code="c">56 cm.</subfield></datafield><datafield ind1=" " ind2=" " tag="310"><subfield code="a">Weekly</subfield></datafield><datafield ind1="0" ind2=" " tag="362"><subfield code="a">Vol. 30, no. 28 (Oct. 7, 1926)-</subfield></datafield><datafield ind1=" " ind2=" " tag="752"><subfield code="a">United States</subfield><subfield code="b">Texas</subfield><subfield code="c">Randall</subfield><subfield code="d">Canyon.</subfield></datafield><datafield ind1="0" ind2="0" tag="780"><subfield code="t">Randall County news</subfield><subfield code="w">(DLC)sn 86064255</subfield></datafield></record>